@misc { cours ,
    author = " Joseph Salmon " ,
    title = " Modèles linéaires avancés HMMA307 " ,
    année = " 2020 " ,
    howpublished = " \ url {http://josephsalmon.eu/HMMA307.html} " ,
}